@incollection{schneider2013Argumentation,
 author = {Schneider, Jodi and Groza, Tudor and Passant, Alexandre},
 title = {A Review of Argumentation for the Social Semantic Web},
 journal = {Semant. web},
 issue_date = {April 2013},
 volume = {4},
 number = {2},
 month = apr,
 year = {2013},
 issn = {1570-0844},
 pages = {159--218},
 numpages = {60},
 url = {http://dl.acm.org/citation.cfm?id=2590215.2590218},
 acmid = {2590218},
 publisher = {IOS Press},
 address = {Amsterdam, The Netherlands, The Netherlands},
 keywords = {Argumentation, Ontologies, Semantic Web, Social Web},
} 

@book{eemeren1996argumentation,
  address = {Hillsdale NJ, USA},
  author = {van Eemeren, Frans H. and Grootendorst, Rob F. and Henkemans, Francisca S.},
  citeulike-article-id = {1471277},
  keywords = {argumentation},
  posted-at = {2007-07-21 16:19:06},
  priority = {0},
  publisher = {Lawrence Erlbaum Associates},
  title = {{Fundamentals of Argumentation Theory: A Handbook of Historical Backgrounds and Contemporary Applications}},
  year = {1996}
}

@techreport{charwat2013abstractargumentation,
  author = {G\"unther Charwat and Wolfgang Dvo\v{r}\'{a}k and Sarah A. Gaggl and Johannes P. Wallner and Stefan Woltran},
  title = {{Implementing Abstract Argumentation - A Survey}},
  institution = {Technische Universit\"at Wien},
  year = {2013},
  number = {DBAI-TR-2013-82},
  url = {http://www.dbai.tuwien.ac.at/research/report/dbai-tr-2013-82.pdf}
}

@book{toulmin1958uses,
  title={The Uses of Argument},
  author={Toulmin, S.E.},
  lccn={lc58002813},
  url={http://books.google.com.br/books?id=uffWAAAAMAAJ},
  year={1958},
  publisher={Cambridge University Press}
}

@TECHREPORT{kunz1970issuesas,
  author = {Werner Kunz and Horst W. J. Rittel and We Messrs and H. Dehlinger and T. Mann and J. J. Protzen},
  title = {Issues as elements of information systems},
  institution = {},
  year = {1970}
}

@article{reed2004araucaria,
  title = "Araucaria: software for argument analysis, diagramming and representation",
  author = "Chris Reed and Glenn Rowe",
  note = "dc.publisher: World Scientific Publishing",
  year = "2004",
  volume = "13",
  number = "4",
  pages = "961--979",
  journal = "International Journal on Artificial Intelligence Tools",
  issn = "0218-2130",
}

@article{rahwan2008MAS,
 author = {Rahwan, Iyad},
 title = {Mass Argumentation and the Semantic Web},
 journal = {Web Semant.},
 issue_date = {February, 2008},
 volume = {6},
 number = {1},
 month = feb,
 year = {2008},
 issn = {1570-8268},
 pages = {29--37},
 numpages = {9},
 url = {http://dx.doi.org/10.1016/j.websem.2007.11.007},
 doi = {10.1016/j.websem.2007.11.007},
 acmid = {1346700},
 publisher = {Elsevier Science Publishers B. V.},
 address = {Amsterdam, The Netherlands, The Netherlands},
 keywords = {Argumentation, Semantic web, Web 2.0}
} 

@article{dung1995321,
title = "On the acceptability of arguments and its fundamental role in nonmonotonic reasoning, logic programming and n-person games ",
journal = "Artificial Intelligence ",
volume = "77",
number = "2",
pages = "321 - 357",
year = "1995",
note = "",
issn = "0004-3702",
doi = "http://dx.doi.org/10.1016/0004-3702(94)00041-X",
url = "http://www.sciencedirect.com/science/article/pii/000437029400041X",
author = "Phan Minh Dung",
keywords = "Argumentation",
keywords = "Nonmonotonic reasoning",
keywords = "Logic programming",
keywords = "n-person games",
keywords = "The stable marriage problem "
}

@inproceedings{jureta2009AMA,
 author = {Jureta, Ivan and Mylopoulos, John and Faulkner, St{\'e}phane},
 title = {Analysis of Multi-Party Agreement in Requirements Validation},
 booktitle = {Proceedings of the 2009 17th IEEE International Requirements Engineering Conference, RE},
 series = {RE '09},
 year = {2009},
 isbn = {978-0-7695-3761-0},
 pages = {57--66},
 numpages = {10},
 url = {http://dx.doi.org/10.1109/RE.2009.8},
 doi = {10.1109/RE.2009.8},
 acmid = {1684851},
 publisher = {IEEE Computer Society},
 address = {Washington, DC, USA},
 keywords = {requirements validation, relative validity},
}

@inproceedings{podlaszewski2011IBA,
 author = {Podlaszewski, Mikolaj and Caminada, Martin and Pigozzi, Gabriella},
 title = {An Implementation of Basic Argumentation Components},
 booktitle = {The 10th International Conference on Autonomous Agents and Multiagent Systems - Volume 3},
 series = {AAMAS '11},
 year = {2011},
 isbn = {0-9826571-7-X, 978-0-9826571-7-1},
 location = {Taipei, Taiwan},
 pages = {1307--1308},
 numpages = {2},
 url = {http://dl.acm.org/citation.cfm?id=2034396.2034539},
 acmid = {2034539},
 publisher = {International Foundation for Autonomous Agents and Multiagent Systems},
 address = {Richland, SC},
 keywords = {argumentation, belief merging, communication protocols, judgment aggregation}
}  

@inproceedings{gonzalez2010usability,
  author    = {Mar\'{\i}a Paula Gonz{\'a}lez and
               Carlos Iv{\'a}n Ches{\~n}evar and
               Niels Pinkwart and
               Mauro Javier G{\'o}mez Lucero},
  title     = {Developing Argument Assistant Systems from a Usability Viewpoint},
  booktitle = {KMIS},
  year      = {2010},
  pages     = {157-163},
  bibsource = {DBLP, http://dblp.uni-trier.de}
}

@inproceedings{daniil2012AFA,
 author = {Daniil, Constantin and Dascalu, Mihai and Trausan-Matu, Stefan},
 title = {Automatic Forum Analysis: A Thorough Method of Assessing the Importance of Posts, Discussion Threads and of Users' Involvement},
 booktitle = {Proceedings of the 2Nd International Conference on Web Intelligence, Mining and Semantics},
 series = {WIMS '12},
 year = {2012},
 isbn = {978-1-4503-0915-8},
 location = {Craiova, Romania},
 pages = {37:1--37:9},
 articleno = {37},
 numpages = {9},
 url = {http://doi.acm.org/10.1145/2254129.2254175},
 doi = {10.1145/2254129.2254175},
 acmid = {2254175},
 publisher = {ACM},
 address = {New York, NY, USA},
 keywords = {forum analysis, post, social involvement, thread, user assessment}
} 

@article{moor2006AST,
 author = {Moor, Aldo de and Aakhus, Mark},
 title = {Argumentation Support: From Technologies to Tools},
 journal = {Commun. ACM},
 issue_date = {March 2006},
 volume = {49},
 number = {3},
 month = mar,
 year = {2006},
 issn = {0001-0782},
 pages = {93--98},
 numpages = {6},
 url = {http://doi.acm.org/10.1145/1118178.1118182},
 doi = {10.1145/1118178.1118182},
 acmid = {1118182},
 publisher = {ACM},
 address = {New York, NY, USA},
} 

@misc{germoglio2010fundamentos,
  title={Fundamentos da arquitetura de software},
  author={Germoglio, Guilherme},
  year={2010}
}

@book{buxton1970software,
  title={Software Engineering Techniques: Report on a Conference Sponsored by the NATO Science Committee},
  author={Buxton, John N and Randell, Brian},
  year={1970},
  publisher={NATO Science Committee; available from Scientific Affairs Division, NATO}
}

@phdthesis{fabricio2009instrumentation,
  author={Fabrício Ataides Braz},
  title={Instrumentação da Análise e Projeto de Software Seguro Baseada em Ameaças e Padrões},
  school={Universidade de Brasília},
  year={2009},
  address={Faculdade de Tecnologia},
  month={Abril}
}

@article{raymond1999cathedral,
  title={The Cathedral and the Bazaar: Musings on Linux and Open Source from an Accidental Revolutionary, Sebastapol},
  author={Raymond, Eric},
  journal={CA: O’Rei1ly BC Associates},
  year={1999}
}

@book{buschmann2007pattern,
  title={Pattern-oriented Software Architecture: On Patterns and Pattern Language},
  author={Buschmann, Frank and Henney, Kelvin and Schimdt, Douglas},
  volume={5},
  year={2007},
  publisher={John Wiley \& Sons}
}

@inproceedings{dias2000software,
  title={Software architecture analysis based on statechart semantics},
  author={Dias, Marcio S and Vieira, Marlon ER},
  booktitle={Software Specification and Design, 2000. Tenth International Workshop on},
  pages={133--137},
  year={2000},
  organization={IEEE}
}fabricio2009instrumentation

@book{clements2002documenting,
  title={Documenting software architectures: views and beyond},
  author={Clements, Paul and Garlan, David and Bass, Len and Stafford, Judith and Nord, Robert and Ivers, James and Little, Reed},
  year={2002},
  publisher={Pearson Education}
}

@article{xavier2001criaccao,
  title={Cria{\c{c}}{\~a}o e Instancia{\c{c}}{\~a}o de Arquiteturas de Software Espec{\'\i}ficas de Dom{\'\i}nio no contexto de uma Infra-estrutura de Reutiliza{\c{c}}{\~a}o},
  author={Xavier, Jos{\'e} Ricardo},
  journal={Sc., COPPE/UFRJ, Rio de Janeiro, Brasil, Junho},
  year={2001}
}

@inproceedings{gacek1995definition,
  title={On the definition of software system architecture},
  author={Gacek, Cristina and Abd-Allah, Ahmed and Clark, Bradford and Boehm, Barry},
  booktitle={Proceedings of the First International Workshop on Architectures for Software Systems},
  pages={85--94},
  year={1995},
  organization={Seattle, Wa}
}

@article{hilliard2000ieee,
  title={Ieee-std-1471-2000 recommended practice for architectural description of software-intensive systems},
  author={Hilliard, Rich},
  journal={IEEE, http://standards. ieee. org},
  year={2000}
}

@article{garlan1993introduction,
  title={An introduction to software architecture},
  author={Garlan, David and Shaw, Mary},
  journal={Advances in software engineering and knowledge engineering},
  volume={1},
  pages={1--40},
  year={1993},
  publisher={Singapore}
}

@article{shaw1996software,
  title={Software architecture: perspectives on an emerging discipline},
  author={Shaw, Mary and Garlan, David},
  year={1996},
  publisher={Prentice Hall}
}

@phdthesis{meirelles2010mezuro,
  author  = {Meirelles, Paulo and Morais, Carlos and Martins M., Rafael and Kon, Fabio and Santos Jr., Carlos and Maldonado, José},
  title   = {Mezuro: A Source Code Tracking Platform},
  school  = {FLOSS Competence Center – University of São Paulo},
  year    = {2010},
  address = {Instituto de Matemática e Estatística},
  month   = {Maio}
}

@article{meirelles2009crab,
  title={Crab: Uma ferramenta de configura{\c{c}}{\~a}o e interpreta{\c{c}}{\~a}o de m{\'e}tricas de software para avalia{\c{c}}{\~a}o de qualidade de c{\'o}digo},
  author={Meirelles, Paulo RM and C{\'o}be, Raphael and Hanazumi, Simone and Nunes, Paulo and Challco, Geiser and Martins, Straus and Morais, Eduardo and Kon, Fabio},
  journal={XXIII SBES-Simp{\'o}sio Brasileiro de Engenharia de Software (XVI Sess{\~a}o de Ferramentas). Citado na p{\'a}g},
  volume={33},
  year={2009}
}

@phdthesis{meirelles2013metrics,
 Author = {Paulo Roberto Miranda Meirelles},
 Title = {Monitoramento de métricas de código-fonte em projetos de software livre}, 
 School = {Instituto de Matemática e Estátistica -- Universidade de São Paulo (IME/USP)}, 
 Year = {2013}
 }

 @misc{noosfero2013plugins,
  author = {Aurélio A. Heckert},
  title  = {Plugins},
  month  = {Setembro},
  year   = {2013},
  url    = {http://noosfero.org/Development/Plugins}
}

@misc{qualipso2009,
  title = {Qualipso Project - O Projeto Qualipso},
  month = {Março},
  year  = {2009},
  url   = {http://qualipso.icmc.usp.br/}
}

@article{terceiro2012freesoftware,
  author  = {Antonio Soares de Azevedo Terceiro},
  title   = {Caraterização da Complexidade Estrutural em Sistemas de Software},
  school = {Universidade Federal da Bahia},
  year    = {2012}
}

@masterthesis{corbucci2011freemethods,
  author = {Hugo Corbucci},
  title  = {Métodos ágeis e software livre: um estudo da relação entre estas duas comunidades},
  school = {Instituto de Matemática e Estatística da Universidade de São Paulo},
  year   = {2011}
}

@inproceedings{godfrey2000evolution,
  title={Evolution in open source software: A case study},
  author={Godfrey, Michael W and Tu, Qiang},
  booktitle={Software Maintenance, 2000. Proceedings. International Conference on},
  pages={131--142},
  year={2000},
  organization={IEEE}
}

@inproceedings{mens2005challenges,
  title={Challenges in software evolution},
  author={Mens, Tom and Wermelinger, Michel and Ducasse, St{\'e}phane and Demeyer, Serge and Hirschfeld, Robert and Jazayeri, Mehdi},
  booktitle={Principles of Software Evolution, Eighth International Workshop on},
  pages={13--22},
  year={2005},
  organization={IEEE}
}

@incollection{fernandez2008empirical,
  title={Empirical studies of open source evolution},
  author={Fernandez-Ramil, Juan and Lozano, Angela and Wermelinger, Michel and Capiluppi, Andrea},
  booktitle={Software evolution},
  pages={263--288},
  year={2008},
  publisher={Springer}
}

@inproceedings{mockus2000case,
  title={A case study of open source software development: the Apache server},
  author={Mockus, Audris and Fielding, Roy T and Herbsleb, James},
  booktitle={Software Engineering, 2000. Proceedings of the 2000 International Conference on},
  pages={263--272},
  year={2000},
  organization={IEEE}
}

@misc{mejia2011rails,
  author = "Adrian Mejia",
  title  = "Ruby on Rails Architectural Design",
  month  = "Agosto",
  year   = "2011",
  url    = "http://adrianmejia.com/blog/2011/08/11/ruby-on-rails-architectural-design/"
}

@article{iso2003iec,
  title={IEC 9126-1},
  author={ISO, NBR},
  journal={Engenharia de software-Qualidade de produto. Parte},
  volume={1},
  year={2003}
}

@book{paulk1994capability,
  title={The capability maturity model: Guidelines for improving the software process},
  author={Paulk, Mark C and Weber, Charles V and Curtis, Bill and Chrissis, Mary Beth and others},
  volume={441},
  year={1994},
  publisher={Addison-wesley Reading, MA}
}

@incollection{deprez2008comparing,
  title={Comparing assessment methodologies for free/open source software: OpenBRR and QSOS},
  author={Deprez, Jean-Christophe and Alexandre, Simon},
  booktitle={Product-Focused Software Process Improvement},
  pages={189--203},
  year={2008},
  publisher={Springer}
}

@inproceedings{petrinja2009introducing,
  title={Introducing the opensource maturity model},
  author={Petrinja, Etiel and Nambakam, Ranga and Sillitti, Alberto},
  booktitle={Proceedings of the 2009 ICSE Workshop on Emerging Trends in Free/Libre/Open Source Software Research and Development},
  pages={37--41},
  year={2009},
  organization={IEEE Computer Society}
}

@article{spinellis2009evaluating,
  title={Evaluating the quality of open source software},
  author={Spinellis, Diomidis and Gousios, Georgios and Karakoidas, Vassilios and Louridas, Panagiotis and Adams, Paul J and Samoladas, Ioannis and Stamelos, Ioannis},
  journal={Electronic Notes in Theoretical Computer Science},
  volume={233},
  pages={5--28},
  year={2009},
  publisher={Elsevier}
}


